
  <record>
    <leader>""</leader>
    <datafield tag="001" ind1=" " ind2=" ">
      <subfield code="7">"ba"</subfield>
      <subfield code="a">"c"</subfield>
      <subfield code="b">"a"</subfield>
      <subfield code="c">"m"</subfield>
      <subfield code="d">"0"</subfield>
      <subfield code="e">"3"</subfield>
    </datafield>
    <datafield tag="010" ind1=" " ind2=" ">
      <subfield code="a">"86-7436-346-6"</subfield>
    </datafield>
    <datafield tag="100" ind1=" " ind2=" ">
      <subfield code="c">"2005"</subfield>
      <subfield code="h">"scr"</subfield>
    </datafield>
    <datafield tag="101" ind1="1" ind2=" ">
      <subfield code="a">"scr"</subfield>
      <subfield code="c">"eng"</subfield>
    </datafield>
    <datafield tag="102" ind1=" " ind2=" ">
      <subfield code="a">"yug"</subfield>
    </datafield>
    <datafield tag="105" ind1=" " ind2=" ">
      <subfield code="a">"y"</subfield>
    </datafield>
    <datafield tag="200" ind1="0" ind2=" ">
      <subfield code="a">"Vodi\269 kroz nauku"</subfield>
      <subfield code="e">"svemir, \382ivot i sve ostalo"</subfield>
      <subfield code="f">"D\382on Gribin i Meri Gribin"</subfield>
      <subfield code="g">"prevela Vesna Uskokovi\263"</subfield>
    </datafield>
    <datafield tag="210" ind1=" " ind2=" ">
      <subfield code="a">"Beograd"</subfield>
      <subfield code="c">"Laguna"</subfield>
      <subfield code="d">"2005"</subfield>
    </datafield>
    <datafield tag="215" ind1=" " ind2=" ">
      <subfield code="a">"304 str."</subfield>
      <subfield code="d">"20 cm"</subfield>
    </datafield>
    <datafield tag="300" ind1=" " ind2=" ">
      <subfield code="a">"Prevod dela: Almost Everyone's Guide to Science / John Gribbin"</subfield>
    </datafield>
    <datafield tag="300" ind1=" " ind2=" ">
      <subfield code="a">"Bele\353ka o autoru: str. [305]"</subfield>
    </datafield>
    <datafield tag="300" ind1=" " ind2=" ">
      <subfield code="a">"Bele\353ke uz tekst"</subfield>
    </datafield>
    <datafield tag="320" ind1=" " ind2=" ">
      <subfield code="a">"Registar"</subfield>
    </datafield>
    <datafield tag="500" ind1="1" ind2="0">
      <subfield code="a">"Almost Everyone's Guide to Science"</subfield>
    </datafield>
    <datafield tag="606" ind1="3" ind2=" ">
      <subfield code="a">"KOSMOS"</subfield>
      <subfield code="6">"01"</subfield>
    </datafield>
    <datafield tag="606" ind1="3" ind2=" ">
      <subfield code="a">"FIZIKA (popularna nauka)"</subfield>
    </datafield>
    <datafield tag="606" ind1="3" ind2=" ">
      <subfield code="a">"HEMIJA (popularna nauka)"</subfield>
    </datafield>
    <datafield tag="606" ind1="3" ind2=" ">
      <subfield code="a">"BIOLOGIJA (popularna nauka)"</subfield>
    </datafield>
    <datafield tag="606" ind1="3" ind2=" ">
      <subfield code="a">"POPULARNA NAUKA"</subfield>
    </datafield>
    <datafield tag="675" ind1=" " ind2=" ">
      <subfield code="a">"001"</subfield>
      <subfield code="b">"001"</subfield>
    </datafield>
    <datafield tag="675" ind1=" " ind2=" ">
      <subfield code="a">"520/524"</subfield>
      <subfield code="b">"52"</subfield>
    </datafield>
    <datafield tag="675" ind1=" " ind2=" ">
      <subfield code="a">"575"</subfield>
      <subfield code="b">"575"</subfield>
    </datafield>
    <datafield tag="675" ind1=" " ind2=" ">
      <subfield code="a">"539.1"</subfield>
      <subfield code="b">"539"</subfield>
    </datafield>
    <datafield tag="675" ind1=" " ind2=" ">
      <subfield code="a">"544"</subfield>
      <subfield code="b">"54"</subfield>
    </datafield>
    <datafield tag="700" ind1=" " ind2="1">
      <subfield code="4">"070"</subfield>
      <subfield code="a">"GRIBIN"</subfield>
      <subfield code="b">"D\382on"</subfield>
    </datafield>
    <datafield tag="701" ind1="1" ind2="1">
      <subfield code="4">"070"</subfield>
      <subfield code="6">"01"</subfield>
      <subfield code="a">"GRIBIN"</subfield>
      <subfield code="b">"Meri"</subfield>
    </datafield>
    <datafield tag="702" ind1="1" ind2="1">
      <subfield code="4">"730"</subfield>
      <subfield code="a">"USKOKOVI\262"</subfield>
      <subfield code="b">"Vesna"</subfield>
    </datafield>
    <datafield tag="900" ind1=" " ind2="3">
      <subfield code="a">"GRIBBIN"</subfield>
      <subfield code="b">"John"</subfield>
    </datafield>
    <datafield tag="901" ind1=" " ind2="3">
      <subfield code="6">"01"</subfield>
      <subfield code="a">"GRIBBIN"</subfield>
      <subfield code="b">"Mary"</subfield>
    </datafield>
    <datafield tag="966" ind1="3" ind2=" ">
      <subfield code="a">"Svemir"</subfield>
      <subfield code="6">"01"</subfield>
    </datafield>
    <datafield tag="966" ind1="3" ind2=" ">
      <subfield code="a">"Vasiona"</subfield>
      <subfield code="6">"01"</subfield>
    </datafield>
    <datafield tag="966" ind1="3" ind2=" ">
      <subfield code="a">"Univerzum"</subfield>
      <subfield code="6">"01"</subfield>
    </datafield>
    <datafield tag="992" ind1=" " ind2=" ">
      <subfield code="b">""</subfield>
    </datafield>
  </record>