
  <record>
    <leader>""</leader>
    <datafield tag="001" ind1=" " ind2=" ">
      <subfield code="7">"ba"</subfield>
      <subfield code="a">"c"</subfield>
      <subfield code="b">"a"</subfield>
      <subfield code="c">"m"</subfield>
      <subfield code="d">"0"</subfield>
      <subfield code="e">"4"</subfield>
    </datafield>
    <datafield tag="010" ind1=" " ind2=" ">
      <subfield code="a">"86-83509-05-2"</subfield>
      <subfield code="b">""</subfield>
      <subfield code="d">""</subfield>
    </datafield>
    <datafield tag="100" ind1=" " ind2=" ">
      <subfield code="b">""</subfield>
      <subfield code="c">"2002"</subfield>
      <subfield code="d">""</subfield>
      <subfield code="h">"scr"</subfield>
    </datafield>
    <datafield tag="101" ind1="0" ind2=" ">
      <subfield code="a">""</subfield>
      <subfield code="c">""</subfield>
    </datafield>
    <datafield tag="102" ind1=" " ind2=" ">
      <subfield code="a">"yug"</subfield>
      <subfield code="b">""</subfield>
    </datafield>
    <datafield tag="105" ind1=" " ind2=" ">
      <subfield code="a">"a"</subfield>
      <subfield code="b">""</subfield>
      <subfield code="f">""</subfield>
    </datafield>
    <datafield tag="200" ind1="0" ind2=" ">
      <subfield code="a">"[Devet] 9 ludih ideja u nauci"</subfield>
      <subfield code="e">""</subfield>
      <subfield code="f">"Robert Erlih"</subfield>
      <subfield code="g">"[prevod Dragana \262irovi\263]"</subfield>
      <subfield code="h">""</subfield>
      <subfield code="i">""</subfield>
    </datafield>
    <datafield tag="205" ind1=" " ind2=" ">
      <subfield code="a">"[1. izd.]"</subfield>
    </datafield>
    <datafield tag="210" ind1=" " ind2=" ">
      <subfield code="a">"Beograd"</subfield>
      <subfield code="c">"Mono&Manana Press"</subfield>
      <subfield code="c">"[etc.]"</subfield>
      <subfield code="d">"2002"</subfield>
      <subfield code="e">""</subfield>
      <subfield code="g">""</subfield>
    </datafield>
    <datafield tag="215" ind1=" " ind2=" ">
      <subfield code="a">"200 str."</subfield>
      <subfield code="c">"ilustr."</subfield>
      <subfield code="d">"20 cm"</subfield>
    </datafield>
    <datafield tag="225" ind1=" " ind2=" ">
      <subfield code="a">""</subfield>
      <subfield code="e">""</subfield>
      <subfield code="f">""</subfield>
      <subfield code="h">""</subfield>
      <subfield code="i">""</subfield>
      <subfield code="v">""</subfield>
    </datafield>
    <datafield tag="300" ind1=" " ind2=" ">
      <subfield code="a">"Prevod dela: Nine crazy Ideas in Science / Robert Erlich"</subfield>
    </datafield>
    <datafield tag="300" ind1=" " ind2=" ">
      <subfield code="a">"Bele\353ke uz tekst"</subfield>
    </datafield>
    <datafield tag="320" ind1=" " ind2=" ">
      <subfield code="a">""</subfield>
    </datafield>
    <datafield tag="464" ind1=" " ind2="0">
      <subfield code="1">""</subfield>
    </datafield>
    <datafield tag="500" ind1=" " ind2=" ">
      <subfield code="a">""</subfield>
    </datafield>
    <datafield tag="600" ind1=" " ind2=" ">
      <subfield code="a">""</subfield>
      <subfield code="b">""</subfield>
      <subfield code="f">""</subfield>
      <subfield code="x">""</subfield>
      <subfield code="y">""</subfield>
    </datafield>
    <datafield tag="601" ind1=" " ind2=" ">
      <subfield code="a">""</subfield>
      <subfield code="b">""</subfield>
      <subfield code="d">""</subfield>
      <subfield code="e">""</subfield>
      <subfield code="f">""</subfield>
      <subfield code="x">""</subfield>
      <subfield code="y">""</subfield>
    </datafield>
    <datafield tag="606" ind1=" " ind2=" ">
      <subfield code="a">"POPULARNA NAUKA"</subfield>
      <subfield code="x">""</subfield>
      <subfield code="y">""</subfield>
      <subfield code="z">""</subfield>
    </datafield>
    <datafield tag="610" ind1=" " ind2=" ">
      <subfield code="a">""</subfield>
    </datafield>
    <datafield tag="675" ind1=" " ind2=" ">
      <subfield code="a">"001.5"</subfield>
      <subfield code="b">"001"</subfield>
    </datafield>
    <datafield tag="700" ind1=" " ind2="1">
      <subfield code="4">"070"</subfield>
      <subfield code="a">"ERLIH"</subfield>
      <subfield code="b">"Robert"</subfield>
    </datafield>
    <datafield tag="701" ind1=" " ind2="1">
      <subfield code="4">""</subfield>
      <subfield code="a">""</subfield>
      <subfield code="b">""</subfield>
    </datafield>
    <datafield tag="702" ind1="1" ind2="1">
      <subfield code="4">"730"</subfield>
      <subfield code="a">"\262IROVI\262"</subfield>
      <subfield code="b">"Dragana"</subfield>
    </datafield>
    <datafield tag="900" ind1=" " ind2="3">
      <subfield code="a">"ERLICH"</subfield>
      <subfield code="b">"Robert"</subfield>
    </datafield>
    <datafield tag="901" ind1=" " ind2="3">
      <subfield code="6">""</subfield>
      <subfield code="a">""</subfield>
      <subfield code="b">""</subfield>
    </datafield>
    <datafield tag="902" ind1=" " ind2="3">
      <subfield code="6">""</subfield>
      <subfield code="a">""</subfield>
      <subfield code="b">""</subfield>
    </datafield>
    <datafield tag="992" ind1=" " ind2=" ">
      <subfield code="b">""</subfield>
    </datafield>
  </record>