
  <record>
    <leader>""</leader>
    <datafield tag="001" ind1=" " ind2=" ">
      <subfield code="7">"ba"</subfield>
      <subfield code="a">"c"</subfield>
      <subfield code="b">"a"</subfield>
      <subfield code="c">"m"</subfield>
      <subfield code="d">"0"</subfield>
      <subfield code="e">"5"</subfield>
    </datafield>
    <datafield tag="010" ind1=" " ind2=" ">
      <subfield code="a">"86-7102-218-8"</subfield>
    </datafield>
    <datafield tag="100" ind1=" " ind2=" ">
      <subfield code="c">"2005"</subfield>
      <subfield code="h">"scr"</subfield>
    </datafield>
    <datafield tag="101" ind1="0" ind2=" ">
      <subfield code="a">"scr"</subfield>
    </datafield>
    <datafield tag="102" ind1=" " ind2=" ">
      <subfield code="a">"yug"</subfield>
    </datafield>
    <datafield tag="105" ind1=" " ind2=" ">
      <subfield code="a">"d"</subfield>
    </datafield>
    <datafield tag="200" ind1="0" ind2=" ">
      <subfield code="a">"Nauka o informacijama"</subfield>
      <subfield code="f">"Iv-Fransoa Le Koadik"</subfield>
      <subfield code="g">"prevela s francuskog Vesna Injac-Malba\353a"</subfield>
    </datafield>
    <datafield tag="210" ind1=" " ind2=" ">
      <subfield code="a">"Beograd"</subfield>
      <subfield code="c">"Narodna biblioteka Srbije"</subfield>
      <subfield code="c">"[etc.]"</subfield>
      <subfield code="d">"2005"</subfield>
    </datafield>
    <datafield tag="215" ind1=" " ind2=" ">
      <subfield code="a">"133 str."</subfield>
      <subfield code="c">"graf. prikazi"</subfield>
      <subfield code="d">"22 cm"</subfield>
    </datafield>
    <datafield tag="225" ind1="2" ind2=" ">
      <subfield code="a">"B plus / Clio"</subfield>
    </datafield>
    <datafield tag="300" ind1=" " ind2=" ">
      <subfield code="a">"Prevod dela: La science de l'information / Yves-Francois Le Coadic"</subfield>
    </datafield>
    <datafield tag="300" ind1=" " ind2=" ">
      <subfield code="a">"Napomene uz tekst"</subfield>
    </datafield>
    <datafield tag="320" ind1=" " ind2=" ">
      <subfield code="a">"Bibliografija: str. 133"</subfield>
    </datafield>
    <datafield tag="330" ind1=" " ind2=" ">
      <subfield code="a">"S"</subfield>
    </datafield>
    <datafield tag="606" ind1=" " ind2=" ">
      <subfield code="a">"INFORMACIJE"</subfield>
    </datafield>
    <datafield tag="675" ind1=" " ind2=" ">
      <subfield code="a">"001.102"</subfield>
      <subfield code="b">"001"</subfield>
    </datafield>
    <datafield tag="700" ind1=" " ind2="1">
      <subfield code="4">"070"</subfield>
      <subfield code="a">"LE KOADIK"</subfield>
      <subfield code="b">"Iv-Fransoa"</subfield>
    </datafield>
    <datafield tag="702" ind1="1" ind2="1">
      <subfield code="4">"730"</subfield>
      <subfield code="a">"INJAC-Malba\353a"</subfield>
      <subfield code="b">"Vesna"</subfield>
    </datafield>
    <datafield tag="900" ind1=" " ind2="3">
      <subfield code="a">"LE COADIC"</subfield>
      <subfield code="b">"Yves-Francois"</subfield>
    </datafield>
    <datafield tag="992" ind1=" " ind2=" ">
      <subfield code="b">""</subfield>
    </datafield>
  </record>