
  <record>
    <leader>""</leader>
    <datafield tag="001" ind1=" " ind2=" ">
      <subfield code="7">"ca"</subfield>
      <subfield code="a">"c"</subfield>
      <subfield code="b">"a"</subfield>
      <subfield code="c">"m"</subfield>
      <subfield code="d">"0"</subfield>
      <subfield code="e">"6"</subfield>
    </datafield>
    <datafield tag="010" ind1=" " ind2=" ">
      <subfield code="a">"86-355-0211-6"</subfield>
      <subfield code="b">""</subfield>
      <subfield code="d">""</subfield>
    </datafield>
    <datafield tag="100" ind1=" " ind2=" ">
      <subfield code="b">""</subfield>
      <subfield code="c">"1995"</subfield>
      <subfield code="d">""</subfield>
      <subfield code="h">"scr"</subfield>
    </datafield>
    <datafield tag="101" ind1="0" ind2=" ">
      <subfield code="a">""</subfield>
      <subfield code="c">""</subfield>
    </datafield>
    <datafield tag="102" ind1=" " ind2=" ">
      <subfield code="a">"yug"</subfield>
      <subfield code="b">""</subfield>
    </datafield>
    <datafield tag="105" ind1=" " ind2=" ">
      <subfield code="a">"a"</subfield>
      <subfield code="b">""</subfield>
      <subfield code="f">""</subfield>
    </datafield>
    <datafield tag="200" ind1="0" ind2=" ">
      <subfield code="a">"Izbeg od vremena"</subfield>
      <subfield code="e">"kazivanje o neiskazanosti istine o vremenu, spoznaji nespoznajne tajne smrti, dohvatu nedohvatne besmrtnosti"</subfield>
      <subfield code="f">"Ljubo  Malnik"</subfield>
      <subfield code="g">""</subfield>
      <subfield code="h">""</subfield>
      <subfield code="i">""</subfield>
    </datafield>
    <datafield tag="205" ind1=" " ind2=" ">
      <subfield code="a">""</subfield>
    </datafield>
    <datafield tag="210" ind1=" " ind2=" ">
      <subfield code="a">"Beograd"</subfield>
      <subfield code="c">"Slu\382beni list SFRJ"</subfield>
      <subfield code="d">"1995"</subfield>
      <subfield code="e">""</subfield>
      <subfield code="g">""</subfield>
    </datafield>
    <datafield tag="215" ind1=" " ind2=" ">
      <subfield code="a">"166 str."</subfield>
      <subfield code="c">"ilustr."</subfield>
      <subfield code="d">"21 cm"</subfield>
    </datafield>
    <datafield tag="225" ind1=" " ind2=" ">
      <subfield code="a">""</subfield>
      <subfield code="e">""</subfield>
      <subfield code="f">""</subfield>
      <subfield code="h">""</subfield>
      <subfield code="i">""</subfield>
      <subfield code="v">""</subfield>
    </datafield>
    <datafield tag="300" ind1=" " ind2=" ">
      <subfield code="a">"\262ir"</subfield>
    </datafield>
    <datafield tag="300" ind1=" " ind2=" ">
      <subfield code="a">"Str. 9-12: Izbeg od vremena Lj. Malnika / Ilija Mari\263"</subfield>
    </datafield>
    <datafield tag="300" ind1=" " ind2=" ">
      <subfield code="a">"Str. 13-15: Umesto vremena koje biste posvetili predgovoru / Ljubomir D. Todorovi\263"</subfield>
    </datafield>
    <datafield tag="320" ind1=" " ind2=" ">
      <subfield code="a">"Bibliografija: str. 165-166."</subfield>
    </datafield>
    <datafield tag="464" ind1=" " ind2="0">
      <subfield code="1">""</subfield>
    </datafield>
    <datafield tag="500" ind1=" " ind2=" ">
      <subfield code="a">""</subfield>
    </datafield>
    <datafield tag="600" ind1=" " ind2=" ">
      <subfield code="a">""</subfield>
      <subfield code="b">""</subfield>
      <subfield code="f">""</subfield>
      <subfield code="x">""</subfield>
      <subfield code="y">""</subfield>
    </datafield>
    <datafield tag="601" ind1=" " ind2=" ">
      <subfield code="a">""</subfield>
      <subfield code="b">""</subfield>
      <subfield code="d">""</subfield>
      <subfield code="e">""</subfield>
      <subfield code="f">""</subfield>
      <subfield code="x">""</subfield>
      <subfield code="y">""</subfield>
    </datafield>
    <datafield tag="606" ind1=" " ind2=" ">
      <subfield code="a">"VREME"</subfield>
      <subfield code="x">"Filozofski aspekt"</subfield>
      <subfield code="y">""</subfield>
      <subfield code="z">""</subfield>
    </datafield>
    <datafield tag="610" ind1=" " ind2=" ">
      <subfield code="a">""</subfield>
    </datafield>
    <datafield tag="675" ind1=" " ind2=" ">
      <subfield code="a">"114/115"</subfield>
      <subfield code="b">"1"</subfield>
    </datafield>
    <datafield tag="700" ind1=" " ind2="1">
      <subfield code="4">"070"</subfield>
      <subfield code="a">"MALNIK"</subfield>
      <subfield code="b">"Ljubo"</subfield>
    </datafield>
    <datafield tag="701" ind1=" " ind2="1">
      <subfield code="4">""</subfield>
      <subfield code="a">""</subfield>
      <subfield code="b">""</subfield>
    </datafield>
    <datafield tag="702" ind1=" " ind2="1">
      <subfield code="4">""</subfield>
      <subfield code="a">""</subfield>
      <subfield code="b">""</subfield>
    </datafield>
    <datafield tag="900" ind1=" " ind2="3">
      <subfield code="a">""</subfield>
      <subfield code="b">""</subfield>
    </datafield>
    <datafield tag="901" ind1=" " ind2="3">
      <subfield code="6">""</subfield>
      <subfield code="a">""</subfield>
      <subfield code="b">""</subfield>
    </datafield>
    <datafield tag="902" ind1=" " ind2="3">
      <subfield code="6">""</subfield>
      <subfield code="a">""</subfield>
      <subfield code="b">""</subfield>
    </datafield>
    <datafield tag="992" ind1=" " ind2=" ">
      <subfield code="b">""</subfield>
    </datafield>
  </record>