
  <record>
    <leader>""</leader>
    <datafield tag="001" ind1=" " ind2=" ">
      <subfield code="7">"ca"</subfield>
      <subfield code="a">"c"</subfield>
      <subfield code="b">"a"</subfield>
      <subfield code="c">"m"</subfield>
      <subfield code="d">"0"</subfield>
      <subfield code="e">"7"</subfield>
    </datafield>
    <datafield tag="010" ind1=" " ind2=" ">
      <subfield code="a">"86-489-0435-8"</subfield>
      <subfield code="b">""</subfield>
      <subfield code="d">""</subfield>
    </datafield>
    <datafield tag="100" ind1=" " ind2=" ">
      <subfield code="b">""</subfield>
      <subfield code="c">"2004"</subfield>
      <subfield code="d">""</subfield>
      <subfield code="h">"scr"</subfield>
    </datafield>
    <datafield tag="101" ind1="0" ind2=" ">
      <subfield code="a">"scc"</subfield>
      <subfield code="c">""</subfield>
    </datafield>
    <datafield tag="102" ind1=" " ind2=" ">
      <subfield code="a">"yug"</subfield>
      <subfield code="b">""</subfield>
    </datafield>
    <datafield tag="105" ind1=" " ind2=" ">
      <subfield code="a">"y"</subfield>
      <subfield code="b">""</subfield>
      <subfield code="f">""</subfield>
    </datafield>
    <datafield tag="200" ind1="0" ind2=" ">
      <subfield code="a">"Mo\263 nauke"</subfield>
      <subfield code="e">""</subfield>
      <subfield code="f">"Milorad Mla\273enovi\263"</subfield>
      <subfield code="g">""</subfield>
      <subfield code="h">""</subfield>
      <subfield code="i">""</subfield>
    </datafield>
    <datafield tag="205" ind1=" " ind2=" ">
      <subfield code="a">""</subfield>
    </datafield>
    <datafield tag="210" ind1=" " ind2=" ">
      <subfield code="a">"Novi Sad"</subfield>
      <subfield code="c">"Zmaj"</subfield>
      <subfield code="d">"2004"</subfield>
      <subfield code="e">""</subfield>
      <subfield code="g">""</subfield>
    </datafield>
    <datafield tag="215" ind1=" " ind2=" ">
      <subfield code="a">"392 str."</subfield>
      <subfield code="c">""</subfield>
      <subfield code="d">"24 cm"</subfield>
    </datafield>
    <datafield tag="225" ind1=" " ind2=" ">
      <subfield code="a">""</subfield>
      <subfield code="e">""</subfield>
      <subfield code="f">""</subfield>
      <subfield code="h">""</subfield>
      <subfield code="i">""</subfield>
      <subfield code="v">""</subfield>
    </datafield>
    <datafield tag="300" ind1=" " ind2=" ">
      <subfield code="a">"\262ir"</subfield>
    </datafield>
    <datafield tag="300" ind1=" " ind2=" ">
      <subfield code="a">"O autoru: str.  390-392"</subfield>
    </datafield>
    <datafield tag="320" ind1=" " ind2=" ">
      <subfield code="a">"Bibliografija: str. 382-384"</subfield>
    </datafield>
    <datafield tag="464" ind1=" " ind2="0">
      <subfield code="1">""</subfield>
    </datafield>
    <datafield tag="500" ind1=" " ind2=" ">
      <subfield code="a">""</subfield>
    </datafield>
    <datafield tag="600" ind1=" " ind2=" ">
      <subfield code="a">""</subfield>
      <subfield code="b">""</subfield>
      <subfield code="f">""</subfield>
      <subfield code="x">""</subfield>
      <subfield code="y">""</subfield>
    </datafield>
    <datafield tag="601" ind1=" " ind2=" ">
      <subfield code="a">""</subfield>
      <subfield code="b">""</subfield>
      <subfield code="d">""</subfield>
      <subfield code="e">""</subfield>
      <subfield code="f">""</subfield>
      <subfield code="x">""</subfield>
      <subfield code="y">""</subfield>
    </datafield>
    <datafield tag="606" ind1="3" ind2=" ">
      <subfield code="a">"FIZIKA"</subfield>
      <subfield code="x">"Razvoj"</subfield>
      <subfield code="y">""</subfield>
      <subfield code="z">""</subfield>
    </datafield>
    <datafield tag="606" ind1="3" ind2=" ">
      <subfield code="a">"NAUKA"</subfield>
    </datafield>
    <datafield tag="606" ind1="3" ind2=" ">
      <subfield code="a">"GNOSEOLOGIJA"</subfield>
    </datafield>
    <datafield tag="606" ind1="3" ind2=" ">
      <subfield code="a">"FILOZOFI"</subfield>
      <subfield code="x">"Gnoseologija"</subfield>
    </datafield>
    <datafield tag="606" ind1="3" ind2=" ">
      <subfield code="a">"NAU\268NICI"</subfield>
      <subfield code="x">"Gnoseologija"</subfield>
    </datafield>
    <datafield tag="610" ind1=" " ind2=" ">
      <subfield code="a">"NAUKA / UMETNOST"</subfield>
    </datafield>
    <datafield tag="675" ind1=" " ind2=" ">
      <subfield code="a">"001"</subfield>
      <subfield code="b">"001"</subfield>
    </datafield>
    <datafield tag="675" ind1=" " ind2=" ">
      <subfield code="a">"165"</subfield>
      <subfield code="b">"16"</subfield>
    </datafield>
    <datafield tag="675" ind1=" " ind2=" ">
      <subfield code="a">"530.1:001"</subfield>
      <subfield code="b">"53"</subfield>
    </datafield>
    <datafield tag="700" ind1=" " ind2="1">
      <subfield code="4">"070"</subfield>
      <subfield code="a">"MLA\272ENOVI\262"</subfield>
      <subfield code="b">"Milorad"</subfield>
    </datafield>
    <datafield tag="701" ind1=" " ind2="1">
      <subfield code="4">""</subfield>
      <subfield code="a">""</subfield>
      <subfield code="b">""</subfield>
    </datafield>
    <datafield tag="702" ind1=" " ind2="1">
      <subfield code="4">""</subfield>
      <subfield code="a">""</subfield>
      <subfield code="b">""</subfield>
    </datafield>
    <datafield tag="900" ind1=" " ind2="3">
      <subfield code="a">""</subfield>
      <subfield code="b">""</subfield>
    </datafield>
    <datafield tag="901" ind1=" " ind2="3">
      <subfield code="6">""</subfield>
      <subfield code="a">""</subfield>
      <subfield code="b">""</subfield>
    </datafield>
    <datafield tag="902" ind1=" " ind2="3">
      <subfield code="6">""</subfield>
      <subfield code="a">""</subfield>
      <subfield code="b">""</subfield>
    </datafield>
    <datafield tag="992" ind1=" " ind2=" ">
      <subfield code="b">""</subfield>
    </datafield>
  </record>