
  <record>
    <leader>""</leader>
    <datafield tag="001" ind1=" " ind2=" ">
      <subfield code="7">"ca"</subfield>
      <subfield code="a">"c"</subfield>
      <subfield code="b">"a"</subfield>
      <subfield code="c">"m"</subfield>
      <subfield code="d">"0"</subfield>
      <subfield code="e">"8"</subfield>
    </datafield>
    <datafield tag="010" ind1=" " ind2=" ">
      <subfield code="a">"86-7405-027-1"</subfield>
      <subfield code="b">""</subfield>
      <subfield code="d">""</subfield>
    </datafield>
    <datafield tag="100" ind1=" " ind2=" ">
      <subfield code="b">""</subfield>
      <subfield code="c">"2002"</subfield>
      <subfield code="d">""</subfield>
      <subfield code="h">"scr"</subfield>
    </datafield>
    <datafield tag="101" ind1="0" ind2=" ">
      <subfield code="a">""</subfield>
      <subfield code="c">""</subfield>
    </datafield>
    <datafield tag="102" ind1=" " ind2=" ">
      <subfield code="a">"yug"</subfield>
      <subfield code="b">""</subfield>
    </datafield>
    <datafield tag="105" ind1=" " ind2=" ">
      <subfield code="a">"a"</subfield>
      <subfield code="b">""</subfield>
      <subfield code="f">""</subfield>
    </datafield>
    <datafield tag="200" ind1="0" ind2=" ">
      <subfield code="a">"Nauka - religija - dru\353tvo"</subfield>
      <subfield code="e">"seminar i okrugli sto, SANU, Beograd, 12.april 2002."</subfield>
      <subfield code="f">"[urednici Vladeta Jeroti\263, \272uro Koruga, Dejan Rakovi\263]"</subfield>
      <subfield code="g">"organizacioni odbor Vojislav Milovanovi\263 ... [i dr.]"</subfield>
      <subfield code="h">""</subfield>
      <subfield code="i">""</subfield>
    </datafield>
    <datafield tag="205" ind1=" " ind2=" ">
      <subfield code="a">"1. izd."</subfield>
    </datafield>
    <datafield tag="210" ind1=" " ind2=" ">
      <subfield code="a">"Beograd"</subfield>
      <subfield code="c">"Bogoslovski fakultet Srpske pravoslavne crkve"</subfield>
      <subfield code="c">"[itd.]"</subfield>
      <subfield code="d">"2002"</subfield>
      <subfield code="e">""</subfield>
      <subfield code="g">""</subfield>
    </datafield>
    <datafield tag="215" ind1=" " ind2=" ">
      <subfield code="a">"273 str."</subfield>
      <subfield code="c">"ilustr."</subfield>
      <subfield code="d">"24 cm"</subfield>
    </datafield>
    <datafield tag="225" ind1=" " ind2=" ">
      <subfield code="a">""</subfield>
      <subfield code="e">""</subfield>
      <subfield code="f">""</subfield>
      <subfield code="h">""</subfield>
      <subfield code="i">""</subfield>
      <subfield code="v">""</subfield>
    </datafield>
    <datafield tag="300" ind1=" " ind2=" ">
      <subfield code="a">"\262ir"</subfield>
    </datafield>
    <datafield tag="300" ind1=" " ind2=" ">
      <subfield code="a">"Str. [III-VI]: Predgovor / urednici"</subfield>
    </datafield>
    <datafield tag="300" ind1=" " ind2=" ">
      <subfield code="a">"Bele\353ke uz tekst"</subfield>
    </datafield>
    <datafield tag="320" ind1=" " ind2=" ">
      <subfield code="a">"Bibliografija uz svaki rad"</subfield>
    </datafield>
    <datafield tag="320" ind1=" " ind2=" ">
      <subfield code="a">"Abstracts"</subfield>
    </datafield>
    <datafield tag="464" ind1=" " ind2="0">
      <subfield code="1">""</subfield>
    </datafield>
    <datafield tag="500" ind1=" " ind2=" ">
      <subfield code="a">""</subfield>
    </datafield>
    <datafield tag="600" ind1=" " ind2=" ">
      <subfield code="a">""</subfield>
      <subfield code="b">""</subfield>
      <subfield code="f">""</subfield>
      <subfield code="x">""</subfield>
      <subfield code="y">""</subfield>
    </datafield>
    <datafield tag="601" ind1=" " ind2=" ">
      <subfield code="a">""</subfield>
      <subfield code="b">""</subfield>
      <subfield code="d">""</subfield>
      <subfield code="e">""</subfield>
      <subfield code="f">""</subfield>
      <subfield code="x">""</subfield>
      <subfield code="y">""</subfield>
    </datafield>
    <datafield tag="606" ind1=" " ind2=" ">
      <subfield code="a">"NAUKA"</subfield>
      <subfield code="w">"Zbornici"</subfield>
      <subfield code="x">""</subfield>
      <subfield code="y">""</subfield>
      <subfield code="z">""</subfield>
    </datafield>
    <datafield tag="606" ind1=" " ind2=" ">
      <subfield code="a">"RELIGIJA"</subfield>
      <subfield code="w">"Zbornici"</subfield>
    </datafield>
    <datafield tag="606" ind1=" " ind2=" ">
      <subfield code="a">"PSIHOLOGIJA"</subfield>
      <subfield code="w">"Zbornici"</subfield>
    </datafield>
    <datafield tag="610" ind1=" " ind2=" ">
      <subfield code="a">""</subfield>
    </datafield>
    <datafield tag="675" ind1=" " ind2=" ">
      <subfield code="a">"001(082)"</subfield>
      <subfield code="b">"001"</subfield>
    </datafield>
    <datafield tag="675" ind1=" " ind2=" ">
      <subfield code="a">"2(082)"</subfield>
      <subfield code="b">"2"</subfield>
    </datafield>
    <datafield tag="675" ind1=" " ind2=" ">
      <subfield code="a">"159.9(082)"</subfield>
      <subfield code="b">"159.9"</subfield>
    </datafield>
    <datafield tag="675" ind1=" " ind2=" ">
      <subfield code="a">"316.7(082)"</subfield>
      <subfield code="b">"316"</subfield>
    </datafield>
    <datafield tag="700" ind1=" " ind2="1">
      <subfield code="4">""</subfield>
      <subfield code="a">""</subfield>
      <subfield code="b">""</subfield>
    </datafield>
    <datafield tag="701" ind1=" " ind2="1">
      <subfield code="4">""</subfield>
      <subfield code="a">""</subfield>
      <subfield code="b">""</subfield>
    </datafield>
    <datafield tag="702" ind1="1" ind2="1">
      <subfield code="4">"902"</subfield>
      <subfield code="a">"MILOVANOVI\262"</subfield>
      <subfield code="b">"Vojislav"</subfield>
    </datafield>
    <datafield tag="702" ind1="1" ind2="1">
      <subfield code="4">"340"</subfield>
      <subfield code="a">"JEROTI\262"</subfield>
      <subfield code="b">"Vladeta"</subfield>
    </datafield>
    <datafield tag="702" ind1="1" ind2="1">
      <subfield code="4">"340"</subfield>
      <subfield code="a">"KORUGA"</subfield>
      <subfield code="b">"\272uro"</subfield>
    </datafield>
    <datafield tag="702" ind1="1" ind2="1">
      <subfield code="4">"340"</subfield>
      <subfield code="a">"RAKOVI\262"</subfield>
      <subfield code="b">"Dejan"</subfield>
    </datafield>
    <datafield tag="710" ind1=" " ind2=" ">
      <subfield code="a">"SEMINAR i Okrugli sto Nauka-Religija-Dru\353tvo"</subfield>
      <subfield code="e">"Beograd"</subfield>
      <subfield code="f">"2002"</subfield>
    </datafield>
    <datafield tag="900" ind1=" " ind2="3">
      <subfield code="a">""</subfield>
      <subfield code="b">""</subfield>
    </datafield>
    <datafield tag="901" ind1=" " ind2="3">
      <subfield code="6">""</subfield>
      <subfield code="a">""</subfield>
      <subfield code="b">""</subfield>
    </datafield>
    <datafield tag="902" ind1=" " ind2="3">
      <subfield code="6">""</subfield>
      <subfield code="a">""</subfield>
      <subfield code="b">""</subfield>
    </datafield>
    <datafield tag="992" ind1=" " ind2=" ">
      <subfield code="b">""</subfield>
    </datafield>
  </record>