
  <record>
    <leader>""</leader>
    <datafield tag="001" ind1=" " ind2=" ">
      <subfield code="7">"ba"</subfield>
      <subfield code="a">"c"</subfield>
      <subfield code="b">"a"</subfield>
      <subfield code="c">"m"</subfield>
      <subfield code="d">"0"</subfield>
      <subfield code="e">"9"</subfield>
    </datafield>
    <datafield tag="010" ind1=" " ind2=" ">
      <subfield code="a">"86-7047-381-8"</subfield>
      <subfield code="b">""</subfield>
      <subfield code="d">""</subfield>
    </datafield>
    <datafield tag="100" ind1=" " ind2=" ">
      <subfield code="b">""</subfield>
      <subfield code="c">"2001"</subfield>
      <subfield code="d">""</subfield>
      <subfield code="h">"scr"</subfield>
    </datafield>
    <datafield tag="101" ind1="0" ind2=" ">
      <subfield code="a">"scr"</subfield>
      <subfield code="c">""</subfield>
    </datafield>
    <datafield tag="102" ind1=" " ind2=" ">
      <subfield code="a">"yug"</subfield>
      <subfield code="b">""</subfield>
    </datafield>
    <datafield tag="105" ind1=" " ind2=" ">
      <subfield code="a">"y"</subfield>
      <subfield code="b">""</subfield>
      <subfield code="f">""</subfield>
    </datafield>
    <datafield tag="200" ind1="1" ind2=" ">
      <subfield code="a">"RE\268NIK razvoja"</subfield>
      <subfield code="e">"vodi\269 kroz znanje kao mo\263"</subfield>
      <subfield code="f">"priredio Volfgang Zaks"</subfield>
      <subfield code="g">"preveli Ljubica Stankovi\263, Vladimir Gvozden"</subfield>
      <subfield code="h">""</subfield>
      <subfield code="i">""</subfield>
    </datafield>
    <datafield tag="205" ind1=" " ind2=" ">
      <subfield code="a">"[1. izd.]"</subfield>
    </datafield>
    <datafield tag="210" ind1=" " ind2=" ">
      <subfield code="a">"Novi Sad"</subfield>
      <subfield code="c">"Svetovi"</subfield>
      <subfield code="d">"2001"</subfield>
      <subfield code="e">""</subfield>
      <subfield code="g">""</subfield>
    </datafield>
    <datafield tag="215" ind1=" " ind2=" ">
      <subfield code="a">"347 str."</subfield>
      <subfield code="c">""</subfield>
      <subfield code="d">"20 cm"</subfield>
    </datafield>
    <datafield tag="225" ind1="2" ind2=" ">
      <subfield code="a">"Biblioteka AZ"</subfield>
      <subfield code="e">""</subfield>
      <subfield code="f">""</subfield>
      <subfield code="h">""</subfield>
      <subfield code="i">""</subfield>
      <subfield code="v">""</subfield>
    </datafield>
    <datafield tag="300" ind1=" " ind2=" ">
      <subfield code="a">"Prevod dela: The Development Dictionary / Wolfganag Sachs"</subfield>
    </datafield>
    <datafield tag="300" ind1=" " ind2=" ">
      <subfield code="a">"Str. 5-10: Uvod / Volfgang Zaks"</subfield>
    </datafield>
    <datafield tag="300" ind1=" " ind2=" ">
      <subfield code="a">"Spisak autora: str. 343-346"</subfield>
    </datafield>
    <datafield tag="320" ind1=" " ind2=" ">
      <subfield code="a">"Bibliografija uz svaki rad"</subfield>
    </datafield>
    <datafield tag="330" ind1=" " ind2=" ">
      <subfield code="a">"bD"</subfield>
    </datafield>
    <datafield tag="464" ind1=" " ind2="0">
      <subfield code="1">""</subfield>
    </datafield>
    <datafield tag="500" ind1=" " ind2=" ">
      <subfield code="a">""</subfield>
    </datafield>
    <datafield tag="600" ind1=" " ind2=" ">
      <subfield code="a">""</subfield>
      <subfield code="b">""</subfield>
      <subfield code="f">""</subfield>
      <subfield code="x">""</subfield>
      <subfield code="y">""</subfield>
    </datafield>
    <datafield tag="601" ind1=" " ind2=" ">
      <subfield code="a">""</subfield>
      <subfield code="b">""</subfield>
      <subfield code="d">""</subfield>
      <subfield code="e">""</subfield>
      <subfield code="f">""</subfield>
      <subfield code="x">""</subfield>
      <subfield code="y">""</subfield>
    </datafield>
    <datafield tag="606" ind1="3" ind2=" ">
      <subfield code="a">"EKONOMSKI RAZVOJ"</subfield>
      <subfield code="w">"Terminologija"</subfield>
      <subfield code="x">""</subfield>
      <subfield code="y">""</subfield>
      <subfield code="z">""</subfield>
    </datafield>
    <datafield tag="610" ind1=" " ind2=" ">
      <subfield code="a">""</subfield>
    </datafield>
    <datafield tag="675" ind1=" " ind2=" ">
      <subfield code="a">"001.1:3(082)"</subfield>
      <subfield code="b">"001"</subfield>
    </datafield>
    <datafield tag="675" ind1=" " ind2=" ">
      <subfield code="a">"330:001(082)"</subfield>
    </datafield>
    <datafield tag="700" ind1=" " ind2="1">
      <subfield code="4">""</subfield>
      <subfield code="a">""</subfield>
      <subfield code="b">""</subfield>
    </datafield>
    <datafield tag="701" ind1=" " ind2="1">
      <subfield code="4">""</subfield>
      <subfield code="a">""</subfield>
      <subfield code="b">""</subfield>
    </datafield>
    <datafield tag="702" ind1="1" ind2="1">
      <subfield code="4">"902"</subfield>
      <subfield code="a">"ZAKS"</subfield>
      <subfield code="b">"Volfgang"</subfield>
    </datafield>
    <datafield tag="702" ind1="1" ind2="1">
      <subfield code="4">"730"</subfield>
      <subfield code="a">"STANKOVI\262"</subfield>
      <subfield code="b">"Ljubica"</subfield>
    </datafield>
    <datafield tag="702" ind1="1" ind2="1">
      <subfield code="4">"730"</subfield>
      <subfield code="a">"GVOZDEN"</subfield>
      <subfield code="b">"Vladimir"</subfield>
    </datafield>
    <datafield tag="900" ind1=" " ind2="3">
      <subfield code="a">""</subfield>
      <subfield code="b">""</subfield>
    </datafield>
    <datafield tag="901" ind1=" " ind2="3">
      <subfield code="6">""</subfield>
      <subfield code="a">""</subfield>
      <subfield code="b">""</subfield>
    </datafield>
    <datafield tag="902" ind1=" " ind2="3">
      <subfield code="6">""</subfield>
      <subfield code="a">""</subfield>
      <subfield code="b">""</subfield>
    </datafield>
    <datafield tag="992" ind1=" " ind2=" ">
      <subfield code="b">""</subfield>
    </datafield>
  </record>