
  <record>
    <leader>""</leader>
    <datafield tag="001" ind1=" " ind2=" ">
      <subfield code="7">"ba"</subfield>
      <subfield code="a">"c"</subfield>
      <subfield code="b">"a"</subfield>
      <subfield code="c">"m"</subfield>
      <subfield code="d">"0"</subfield>
      <subfield code="e">"10"</subfield>
    </datafield>
    <datafield tag="010" ind1=" " ind2=" ">
      <subfield code="a">"86-01-01552-2"</subfield>
    </datafield>
    <datafield tag="100" ind1=" " ind2=" ">
      <subfield code="c">"1989"</subfield>
      <subfield code="h">"scr"</subfield>
    </datafield>
    <datafield tag="102" ind1=" " ind2=" ">
      <subfield code="a">"yug"</subfield>
    </datafield>
    <datafield tag="105" ind1=" " ind2=" ">
      <subfield code="a">"d"</subfield>
    </datafield>
    <datafield tag="200" ind1="0" ind2=" ">
      <subfield code="a">"\268etvrti genije"</subfield>
      <subfield code="e">"(ogled o jednom nau\269nom skandalu)"</subfield>
      <subfield code="f">"Marko Ve\353ovi\263"</subfield>
    </datafield>
    <datafield tag="210" ind1=" " ind2=" ">
      <subfield code="a">"Sarajevo"</subfield>
      <subfield code="c">"Svjetlost"</subfield>
      <subfield code="d">"1989"</subfield>
    </datafield>
    <datafield tag="215" ind1=" " ind2=" ">
      <subfield code="a">"212 str."</subfield>
      <subfield code="c">"grafikoni"</subfield>
      <subfield code="d">"20 cm"</subfield>
    </datafield>
    <datafield tag="675" ind1=" " ind2=" ">
      <subfield code="a">"001.894:681.5.01/.07"</subfield>
      <subfield code="b">"001"</subfield>
    </datafield>
    <datafield tag="675" ind1=" " ind2=" ">
      <subfield code="a">"001.894:347.77"</subfield>
      <subfield code="b">"001"</subfield>
    </datafield>
    <datafield tag="700" ind1=" " ind2="1">
      <subfield code="4">"070"</subfield>
      <subfield code="a">"VE\352OVI\262"</subfield>
      <subfield code="b">"Marko"</subfield>
    </datafield>
    <datafield tag="992" ind1=" " ind2=" ">
      <subfield code="b">""</subfield>
    </datafield>
  </record>