
  <record>
    <leader>""</leader>
    <datafield tag="001" ind1=" " ind2=" ">
      <subfield code="7">"ba"</subfield>
      <subfield code="a">"c"</subfield>
      <subfield code="b">"a"</subfield>
      <subfield code="c">"m"</subfield>
      <subfield code="d">"0"</subfield>
      <subfield code="e">"11"</subfield>
    </datafield>
    <datafield tag="010" ind1=" " ind2=" ">
      <subfield code="a">"86-82499-93-2"</subfield>
    </datafield>
    <datafield tag="100" ind1=" " ind2=" ">
      <subfield code="c">"1998"</subfield>
      <subfield code="h">"scr"</subfield>
    </datafield>
    <datafield tag="102" ind1=" " ind2=" ">
      <subfield code="a">"yug"</subfield>
    </datafield>
    <datafield tag="105" ind1=" " ind2=" ">
      <subfield code="a">"y"</subfield>
    </datafield>
    <datafield tag="200" ind1="0" ind2=" ">
      <subfield code="a">"Jaha\269i talasa Zuvuje"</subfield>
      <subfield code="e">"pri\269e o me\273udimenzionalnom putovanju"</subfield>
      <subfield code="f">"Hose Argueljes"</subfield>
      <subfield code="g">"prevod Katarina Proki\263"</subfield>
      <subfield code="g">"uvodna re\269 Merilin Ferguson"</subfield>
    </datafield>
    <datafield tag="205" ind1=" " ind2=" ">
      <subfield code="a">"[1. izd.]"</subfield>
    </datafield>
    <datafield tag="210" ind1=" " ind2=" ">
      <subfield code="a">"Beograd"</subfield>
      <subfield code="c">"Paideia"</subfield>
      <subfield code="d">"1998"</subfield>
    </datafield>
    <datafield tag="215" ind1=" " ind2=" ">
      <subfield code="a">"158 str."</subfield>
      <subfield code="d">"20 cm"</subfield>
    </datafield>
    <datafield tag="225" ind1="2" ind2=" ">
      <subfield code="a">"Vizije"</subfield>
    </datafield>
    <datafield tag="300" ind1=" " ind2=" ">
      <subfield code="a">"Prevod dela: Surfers of the Zuvuja / Jose Arguelles"</subfield>
    </datafield>
    <datafield tag="300" ind1=" " ind2=" ">
      <subfield code="a">"Podatak o izd. preuzet iz CIP-a"</subfield>
    </datafield>
    <datafield tag="300" ind1=" " ind2=" ">
      <subfield code="a">"Uvodna re\269: str. 7-10"</subfield>
    </datafield>
    <datafield tag="300" ind1=" " ind2=" ">
      <subfield code="a">"Bele\353ka o autoru i fotogr. na kor"</subfield>
    </datafield>
    <datafield tag="675" ind1=" " ind2=" ">
      <subfield code="a">"001.97:930.85(=972.6)"</subfield>
      <subfield code="b">"001"</subfield>
    </datafield>
    <datafield tag="700" ind1=" " ind2="1">
      <subfield code="4">"070"</subfield>
      <subfield code="a">"ARGUELJES"</subfield>
      <subfield code="b">"Hose"</subfield>
    </datafield>
    <datafield tag="702" ind1="1" ind2="1">
      <subfield code="4">"911"</subfield>
      <subfield code="a">"FERGUSON"</subfield>
      <subfield code="b">"Merilin"</subfield>
    </datafield>
    <datafield tag="702" ind1="1" ind2="1">
      <subfield code="4">"730"</subfield>
      <subfield code="a">"PROKI\262"</subfield>
      <subfield code="b">"Katarina"</subfield>
    </datafield>
    <datafield tag="900" ind1=" " ind2="3">
      <subfield code="a">"ARGUELLES"</subfield>
      <subfield code="b">"Jose"</subfield>
    </datafield>
    <datafield tag="992" ind1=" " ind2=" ">
      <subfield code="b">""</subfield>
    </datafield>
  </record>