
  <record>
    <leader>""</leader>
    <datafield tag="001" ind1=" " ind2=" ">
      <subfield code="7">"ba"</subfield>
      <subfield code="a">"c"</subfield>
      <subfield code="b">"a"</subfield>
      <subfield code="c">"m"</subfield>
      <subfield code="d">"0"</subfield>
      <subfield code="e">"12"</subfield>
    </datafield>
    <datafield tag="010" ind1=" " ind2=" ">
      <subfield code="a">"86-83509-78-8"</subfield>
    </datafield>
    <datafield tag="100" ind1=" " ind2=" ">
      <subfield code="c">"2005"</subfield>
      <subfield code="h">"srp"</subfield>
    </datafield>
    <datafield tag="101" ind1="1" ind2=" ">
      <subfield code="a">"srp"</subfield>
      <subfield code="c">"eng"</subfield>
    </datafield>
    <datafield tag="102" ind1=" " ind2=" ">
      <subfield code="a">"scg"</subfield>
    </datafield>
    <datafield tag="105" ind1=" " ind2=" ">
      <subfield code="a">"a"</subfield>
    </datafield>
    <datafield tag="200" ind1="0" ind2=" ">
      <subfield code="a">"\268uvari \269ove\269anstva"</subfield>
      <subfield code="f">"Robert Boval, Grejem Henkok"</subfield>
      <subfield code="g">"[prevod s engleskog Tatjana Milosavljevi\263]"</subfield>
    </datafield>
    <datafield tag="205" ind1=" " ind2=" ">
      <subfield code="a">"1. izd."</subfield>
    </datafield>
    <datafield tag="210" ind1=" " ind2=" ">
      <subfield code="a">"Beograd"</subfield>
      <subfield code="c">"Mo\263 knjige"</subfield>
      <subfield code="d">"2005"</subfield>
    </datafield>
    <datafield tag="215" ind1=" " ind2=" ">
      <subfield code="a">"399 str."</subfield>
      <subfield code="c">"ilustr."</subfield>
      <subfield code="d">"24 cm"</subfield>
    </datafield>
    <datafield tag="300" ind1=" " ind2=" ">
      <subfield code="a">"Prevod dela: Keeper of Genesis / by Robert Bauval and Graham Hancock"</subfield>
    </datafield>
    <datafield tag="300" ind1=" " ind2=" ">
      <subfield code="a">"Bele\353ke o autorima: str. 7"</subfield>
    </datafield>
    <datafield tag="320" ind1=" " ind2=" ">
      <subfield code="a">"Bibliografija: str. 369-399"</subfield>
    </datafield>
    <datafield tag="330" ind1=" " ind2=" ">
      <subfield code="a">"S"</subfield>
    </datafield>
    <datafield tag="500" ind1=" " ind2=" ">
      <subfield code="a">"Keeper of Genesis"</subfield>
    </datafield>
    <datafield tag="606" ind1="3" ind2=" ">
      <subfield code="a">"PIRAMIDE"</subfield>
      <subfield code="x">"Misterije"</subfield>
      <subfield code="y">"Egipat"</subfield>
    </datafield>
    <datafield tag="606" ind1="3" ind2=" ">
      <subfield code="a">"CIVILIZACIJA"</subfield>
      <subfield code="y">"Egipat"</subfield>
    </datafield>
    <datafield tag="675" ind1=" " ind2=" ">
      <subfield code="a">"001.94:726.85(32)"</subfield>
      <subfield code="b">"001"</subfield>
    </datafield>
    <datafield tag="675" ind1=" " ind2=" ">
      <subfield code="a">"726.85(32):001.5"</subfield>
      <subfield code="b">"72"</subfield>
    </datafield>
    <datafield tag="700" ind1=" " ind2="1">
      <subfield code="4">"070"</subfield>
      <subfield code="a">"BOVAL"</subfield>
      <subfield code="b">"Robert"</subfield>
    </datafield>
    <datafield tag="701" ind1="1" ind2="1">
      <subfield code="4">"071"</subfield>
      <subfield code="a">"HENKOK"</subfield>
      <subfield code="b">"Grejam"</subfield>
    </datafield>
    <datafield tag="702" ind1="1" ind2="1">
      <subfield code="4">"730"</subfield>
      <subfield code="6">"01"</subfield>
      <subfield code="a">"MILOSAVLJEVI\262"</subfield>
      <subfield code="b">"Tatjana"</subfield>
    </datafield>
    <datafield tag="900" ind1=" " ind2="3">
      <subfield code="a">"BAUVAL"</subfield>
      <subfield code="b">"Robert"</subfield>
    </datafield>
    <datafield tag="900" ind1=" " ind2="3">
      <subfield code="a">"HANCOCK"</subfield>
      <subfield code="b">"Graham"</subfield>
    </datafield>
    <datafield tag="902" ind1=" " ind2="9">
      <subfield code="6">"01"</subfield>
      <subfield code="a">"MILOSAVLJEVI\262"</subfield>
      <subfield code="b">"Tanja"</subfield>
    </datafield>
    <datafield tag="992" ind1=" " ind2=" ">
      <subfield code="b">""</subfield>
    </datafield>
  </record>