
  <record>
    <leader>""</leader>
    <datafield tag="001" ind1=" " ind2=" ">
      <subfield code="7">"ba"</subfield>
      <subfield code="a">"c"</subfield>
      <subfield code="b">"a"</subfield>
      <subfield code="c">"m"</subfield>
      <subfield code="d">"0"</subfield>
      <subfield code="e">"16"</subfield>
    </datafield>
    <datafield tag="010" ind1=" " ind2=" ">
      <subfield code="a">"86-331-2274-X"</subfield>
    </datafield>
    <datafield tag="100" ind1=" " ind2=" ">
      <subfield code="c">"2005"</subfield>
      <subfield code="h">"scr"</subfield>
    </datafield>
    <datafield tag="101" ind1="0" ind2=" ">
      <subfield code="a">"scr"</subfield>
    </datafield>
    <datafield tag="102" ind1=" " ind2=" ">
      <subfield code="a">"yug"</subfield>
    </datafield>
    <datafield tag="105" ind1=" " ind2=" ">
      <subfield code="a">"y"</subfield>
    </datafield>
    <datafield tag="200" ind1="0" ind2=" ">
      <subfield code="a">"Velika enciklopedija nere\353enih zagonetki"</subfield>
      <subfield code="f">"Kolin, i Dejmon Vilson"</subfield>
      <subfield code="g">"[prevela Milica Mijovi\263]"</subfield>
      <subfield code="h">"[Deo 1]"</subfield>
    </datafield>
    <datafield tag="205" ind1=" " ind2=" ">
      <subfield code="a">"2. izd."</subfield>
    </datafield>
    <datafield tag="210" ind1=" " ind2=" ">
      <subfield code="a">"Beograd"</subfield>
      <subfield code="c">"Narodna knjiga - Alfa"</subfield>
      <subfield code="d">"2005"</subfield>
    </datafield>
    <datafield tag="215" ind1=" " ind2=" ">
      <subfield code="a">"376 str."</subfield>
      <subfield code="d">"21 cm"</subfield>
    </datafield>
    <datafield tag="225" ind1="2" ind2=" ">
      <subfield code="a">"Posebna izdanja / Narodna knjiga - Alfa"</subfield>
      <subfield code="v">"knj. br. 235"</subfield>
    </datafield>
    <datafield tag="300" ind1=" " ind2=" ">
      <subfield code="a">"Prevod dela: The Mammoth Encyclopedia of Unsolved Mysteries / Volin Wilson&Damon Wilson"</subfield>
    </datafield>
    <datafield tag="330" ind1=" " ind2=" ">
      <subfield code="a">"S"</subfield>
    </datafield>
    <datafield tag="606" ind1="3" ind2=" ">
      <subfield code="a">"MISTERIJE"</subfield>
      <subfield code="w">"Enciklopedije"</subfield>
    </datafield>
    <datafield tag="675" ind1=" " ind2=" ">
      <subfield code="a">"001.94"</subfield>
      <subfield code="b">"001"</subfield>
    </datafield>
    <datafield tag="700" ind1=" " ind2="1">
      <subfield code="4">"070"</subfield>
      <subfield code="a">"VILSON"</subfield>
      <subfield code="b">"Kolin"</subfield>
    </datafield>
    <datafield tag="701" ind1="1" ind2="1">
      <subfield code="4">"071"</subfield>
      <subfield code="a">"VILSON"</subfield>
      <subfield code="b">"Dejmon"</subfield>
    </datafield>
    <datafield tag="702" ind1="1" ind2="1">
      <subfield code="4">"730"</subfield>
      <subfield code="a">"MIJOVI\262"</subfield>
      <subfield code="b">"Milica"</subfield>
    </datafield>
    <datafield tag="900" ind1=" " ind2="3">
      <subfield code="a">"WILSON"</subfield>
      <subfield code="b">"Colin"</subfield>
    </datafield>
    <datafield tag="900" ind1=" " ind2="3">
      <subfield code="a">"WILSON"</subfield>
      <subfield code="b">"Damon"</subfield>
    </datafield>
    <datafield tag="992" ind1=" " ind2=" ">
      <subfield code="b">""</subfield>
    </datafield>
  </record>