
  <record>
    <leader>""</leader>
    <datafield tag="001" ind1=" " ind2=" ">
      <subfield code="7">"cb"</subfield>
      <subfield code="a">"c"</subfield>
      <subfield code="b">"a"</subfield>
      <subfield code="c">"m"</subfield>
      <subfield code="d">"0"</subfield>
      <subfield code="e">"18"</subfield>
    </datafield>
    <datafield tag="010" ind1=" " ind2=" ">
      <subfield code="a">"978-86-17-14065-4"</subfield>
    </datafield>
    <datafield tag="100" ind1=" " ind2=" ">
      <subfield code="c">"2007"</subfield>
      <subfield code="h">"scr"</subfield>
    </datafield>
    <datafield tag="101" ind1="1" ind2=" ">
      <subfield code="a">"scc"</subfield>
      <subfield code="c">"fre"</subfield>
    </datafield>
    <datafield tag="102" ind1=" " ind2=" ">
      <subfield code="a">"srb"</subfield>
    </datafield>
    <datafield tag="200" ind1="1" ind2=" ">
      <subfield code="a">"\1045\1074\1088\1086\1087\1072 \1086\1090\1082\1088\1080\1115\1072"</subfield>
      <subfield code="f">"\1087\1088\1080\1088\1077\1076\1080\1086 \1044\1072\1074\1080\1076 \1046\1072\1089\1084\1077\1085"</subfield>
      <subfield code="g">"\1089 \1092\1088\1072\1085\1094\1091\1089\1082\1086\1075 \1087\1088\1077\1074\1077\1086 \1057\1090\1077\1074\1072\1085 \1032\1086\1082\1080\1115"</subfield>
    </datafield>
    <datafield tag="205" ind1=" " ind2=" ">
      <subfield code="a">"1. \1080\1079\1076."</subfield>
    </datafield>
    <datafield tag="210" ind1=" " ind2=" ">
      <subfield code="a">"\1041\1077\1086\1075\1088\1072\1076"</subfield>
      <subfield code="c">"\1047\1072\1074\1086\1076 \1079\1072 \1091\1119\1073\1077\1085\1080\1082\1077"</subfield>
      <subfield code="d">"2007"</subfield>
    </datafield>
    <datafield tag="215" ind1=" " ind2=" ">
      <subfield code="a">"VIII, 296 \1089\1090\1088."</subfield>
      <subfield code="c">"\1080\1083\1091\1089\1090\1088."</subfield>
      <subfield code="d">"20 \1094\1084"</subfield>
    </datafield>
    <datafield tag="300" ind1=" " ind2=" ">
      <subfield code="a">"\1055\1088\1077\1074\1086\1076 \1076\1077\1083\1072: L'Europe des d\233couvertes / sous la direction de David Jasmin"</subfield>
    </datafield>
    <datafield tag="300" ind1=" " ind2=" ">
      <subfield code="a">"\1057\1090\1088. V-VIII: \1055\1088\1077\1076\1075\1086\1074\1086\1088 / \1055\1072\1086\1083\1086 \1041\1088\1077\1085\1080"</subfield>
    </datafield>
    <datafield tag="500" ind1="1" ind2="0">
      <subfield code="a">"L'Europe des d\233couvertes"</subfield>
      <subfield code="a">"L'Europe des decouvertes"</subfield>
    </datafield>
    <datafield tag="532" ind1="1" ind2="3">
      <subfield code="a">"Evropa otkri\263a"</subfield>
    </datafield>
    <datafield tag="606" ind1="3" ind2=" ">
      <subfield code="a">"PRONALASCI (nauka)"</subfield>
      <subfield code="x">"Istorija"</subfield>
      <subfield code="6">"01"</subfield>
    </datafield>
    <datafield tag="606" ind1="3" ind2=" ">
      <subfield code="a">"NAUKA"</subfield>
      <subfield code="x">"Razvoj"</subfield>
      <subfield code="x">"Istorija"</subfield>
    </datafield>
    <datafield tag="675" ind1=" " ind2=" ">
      <subfield code="a">"001.894(4)(091)"</subfield>
      <subfield code="b">"001"</subfield>
    </datafield>
    <datafield tag="702" ind1=" " ind2="1">
      <subfield code="4">"902"</subfield>
      <subfield code="6">"01"</subfield>
      <subfield code="a">"\381ASMEN"</subfield>
      <subfield code="b">"David"</subfield>
    </datafield>
    <datafield tag="702" ind1=" " ind2="1">
      <subfield code="4">"730"</subfield>
      <subfield code="a">"JOKI\262"</subfield>
      <subfield code="b">"Stevan"</subfield>
    </datafield>
    <datafield tag="702" ind1=" " ind2="1">
      <subfield code="4">"912"</subfield>
      <subfield code="6">"02"</subfield>
      <subfield code="a">"BRENI"</subfield>
      <subfield code="b">"Paolo"</subfield>
    </datafield>
    <datafield tag="902" ind1=" " ind2="3">
      <subfield code="6">"01"</subfield>
      <subfield code="a">"JASMIN"</subfield>
      <subfield code="b">"David"</subfield>
    </datafield>
    <datafield tag="902" ind1=" " ind2="3">
      <subfield code="6">"02"</subfield>
      <subfield code="a">"BRENNI"</subfield>
      <subfield code="b">"Paolo"</subfield>
    </datafield>
    <datafield tag="966" ind1="3" ind2=" ">
      <subfield code="a">"v. i Geografska otkri\263a"</subfield>
      <subfield code="6">"01"</subfield>
    </datafield>
    <datafield tag="992" ind1=" " ind2=" ">
      <subfield code="b">""</subfield>
    </datafield>
  </record>