
  <record>
    <leader>""</leader>
    <datafield tag="001" ind1=" " ind2=" ">
      <subfield code="7">"ca"</subfield>
      <subfield code="a">"c"</subfield>
      <subfield code="b">"a"</subfield>
      <subfield code="c">"m"</subfield>
      <subfield code="d">"0"</subfield>
      <subfield code="e">"19"</subfield>
    </datafield>
    <datafield tag="010" ind1=" " ind2=" ">
      <subfield code="a">"86-331-0302-8"</subfield>
      <subfield code="b">""</subfield>
      <subfield code="d">""</subfield>
    </datafield>
    <datafield tag="100" ind1=" " ind2=" ">
      <subfield code="b">""</subfield>
      <subfield code="c">"2001"</subfield>
      <subfield code="d">""</subfield>
      <subfield code="h">"scr"</subfield>
    </datafield>
    <datafield tag="101" ind1="0" ind2=" ">
      <subfield code="a">""</subfield>
      <subfield code="c">""</subfield>
    </datafield>
    <datafield tag="102" ind1=" " ind2=" ">
      <subfield code="a">"yug"</subfield>
      <subfield code="b">""</subfield>
    </datafield>
    <datafield tag="105" ind1=" " ind2=" ">
      <subfield code="a">"y"</subfield>
      <subfield code="b">""</subfield>
      <subfield code="f">""</subfield>
    </datafield>
    <datafield tag="200" ind1="0" ind2=" ">
      <subfield code="a">"Osnovi tekstologije"</subfield>
      <subfield code="e">"(uvod u tekstologiju nove srpske knji\382evnosti)"</subfield>
      <subfield code="f">"Du\353an Ivani\263"</subfield>
      <subfield code="g">""</subfield>
      <subfield code="h">""</subfield>
      <subfield code="i">""</subfield>
    </datafield>
    <datafield tag="205" ind1=" " ind2=" ">
      <subfield code="a">""</subfield>
    </datafield>
    <datafield tag="210" ind1=" " ind2=" ">
      <subfield code="a">"Beograd"</subfield>
      <subfield code="c">"Narodna knjiga - Alfa"</subfield>
      <subfield code="d">"2001"</subfield>
      <subfield code="e">""</subfield>
      <subfield code="g">""</subfield>
    </datafield>
    <datafield tag="215" ind1=" " ind2=" ">
      <subfield code="a">"297 str."</subfield>
      <subfield code="c">""</subfield>
      <subfield code="d">"20 cm"</subfield>
    </datafield>
    <datafield tag="225" ind1="2" ind2=" ">
      <subfield code="a">"Pojmovnik / Narodna knjiga - Alfa"</subfield>
      <subfield code="e">""</subfield>
      <subfield code="f">""</subfield>
      <subfield code="h">""</subfield>
      <subfield code="i">""</subfield>
      <subfield code="v">"knj. 57"</subfield>
    </datafield>
    <datafield tag="300" ind1=" " ind2=" ">
      <subfield code="a">"\262ir."</subfield>
    </datafield>
    <datafield tag="300" ind1=" " ind2=" ">
      <subfield code="a">"Prilozi: str. 274-286"</subfield>
    </datafield>
    <datafield tag="320" ind1=" " ind2=" ">
      <subfield code="a">"Bibliografija: str. 259-271"</subfield>
    </datafield>
    <datafield tag="320" ind1=" " ind2=" ">
      <subfield code="a">"Registri"</subfield>
    </datafield>
    <datafield tag="464" ind1=" " ind2="0">
      <subfield code="1">""</subfield>
    </datafield>
    <datafield tag="500" ind1=" " ind2=" ">
      <subfield code="a">""</subfield>
    </datafield>
    <datafield tag="600" ind1=" " ind2=" ">
      <subfield code="a">""</subfield>
      <subfield code="b">""</subfield>
      <subfield code="f">""</subfield>
      <subfield code="x">""</subfield>
      <subfield code="y">""</subfield>
    </datafield>
    <datafield tag="601" ind1=" " ind2=" ">
      <subfield code="a">""</subfield>
      <subfield code="b">""</subfield>
      <subfield code="d">""</subfield>
      <subfield code="e">""</subfield>
      <subfield code="f">""</subfield>
      <subfield code="x">""</subfield>
      <subfield code="y">""</subfield>
    </datafield>
    <datafield tag="606" ind1=" " ind2=" ">
      <subfield code="a">"TEKST (lingvistika)"</subfield>
      <subfield code="x">""</subfield>
      <subfield code="y">""</subfield>
      <subfield code="z">""</subfield>
    </datafield>
    <datafield tag="606" ind1=" " ind2=" ">
      <subfield code="a">"TEKSTOLOGIJA"</subfield>
    </datafield>
    <datafield tag="606" ind1=" " ind2=" ">
      <subfield code="a">"KNJI\381EVNO DELO"</subfield>
      <subfield code="x">"Priprema za \353tampu"</subfield>
    </datafield>
    <datafield tag="610" ind1=" " ind2=" ">
      <subfield code="a">""</subfield>
    </datafield>
    <datafield tag="675" ind1=" " ind2=" ">
      <subfield code="a">"001.816"</subfield>
      <subfield code="b">"001"</subfield>
    </datafield>
    <datafield tag="675" ind1=" " ind2=" ">
      <subfield code="a">"82.01"</subfield>
      <subfield code="b">"82"</subfield>
    </datafield>
    <datafield tag="700" ind1=" " ind2="1">
      <subfield code="4">"070"</subfield>
      <subfield code="a">"IVANI\262"</subfield>
      <subfield code="b">""</subfield>
    </datafield>
  </record>
</collection>